<?xml version="1.0" encoding="UTF-8"?><collection xmlns="http://www.loc.gov/MARC21/slim"><record><leader>00457nam--2200181-i-4500</leader><controlfield tag="001">000007636</controlfield><controlfield tag="002">20161230</controlfield><controlfield tag="005">20161230201027</controlfield><controlfield tag="008">060222s1000------------r-----000-0-eng-d</controlfield><datafield ind1=" " ind2=" " tag="040"><subfield code="a">IFIN-HH</subfield></datafield><datafield ind1=" " ind2=" " tag="080"><subfield code="a">803.0(075)</subfield></datafield><datafield ind1="1" ind2=" " tag="100"><subfield code="a">Gilli, Y</subfield></datafield><datafield ind1="1" ind2="0" tag="245"><subfield code="a">100 lecons d'allemand</subfield><subfield code="b">Tome i</subfield><subfield code="c">Y. gilli, k. fourrier, g. brezard</subfield></datafield><datafield ind1=" " ind2=" " tag="260"><subfield code="a">Paris</subfield><subfield code="b">Dunod</subfield><subfield code="c">1966</subfield></datafield><datafield ind1=" " ind2=" " tag="300"><subfield code="a">VIII+207P</subfield></datafield><datafield ind1="1" ind2=" " tag="700"><subfield code="a">Brezard, G</subfield></datafield><datafield ind1=" " ind2=" " tag="852"><subfield code="a">40706</subfield><subfield code="c">4</subfield></datafield><datafield ind1=" " ind2=" " tag="CAT"><subfield code="a">Sys</subfield><subfield code="c">20130205</subfield><subfield code="h">114055</subfield></datafield></record></collection>